@article{Aharoni2016,
  title     = {{S}equence to {S}equence {T}ransduction with {H}ard {M}onotonic {A}ttention},
  author    = {Roee Aharoni and Yoav Goldberg},
  journal = {arXiv:1611.01487},
  year      = {2016}
}

@InProceedings{Alexandrescu2006,
  title     = {{F}actored {N}eural {L}anguage {M}odels},
  author    = {Andrei Alexandrescu and Katrin Kirchhoff},
  booktitle = {Proceedings of NAACL},
  year      = {2006}
}

@InProceedings{Andor2016,
  title     = {{G}lobally {N}ormalized {T}ransition-{B}ased {N}eural {N}etworks},
  author    = {Daniel Andor and Chris Alberti and David Weiss and Aliaksei Severyn and Alessandro Presta and Kuzman Ganchev and Slav Petrov and Michael Collins},
  booktitle = {Proceedings of ACL},
  year      = {2016}
}

@InProceedings{Andreas2016,
  title     = {{L}earning to {C}ompose {N}eural {N}etworks for {Q}uestion {A}nswering},
  author    = {Jacob Andreas and Marcus Rohrbach and Trevor Darrell and Dan Klein},
  booktitle = {Proceedings of NAACL},
  year      = {2016}
}

@InProceedings{Augasta2013,
  title     = {{P}runing {A}lgorithms of {N}eural {N}etworks - {A} {C}omparative {S}tudy},
  author    = {M. Gethsiyal Augasta and Thangairulappan Kathirvalavakumar},
  booktitle = {Central European Journal of Computer Science},
  year      = {2013}
}

@InProceedings{Ba2014,
  title     = {{D}o {D}eep {N}ets {R}eally {N}eed to be {D}eep?},
  author    = {Lei Jimma Ba and Rich Caruana},
  booktitle = {Proceedings of NIPS},
  year      = {2014}
}

@article{Baker1979,
  title     = {{T}rainable {G}rammars for {S}peech {R}ecognition},
  author    = {James K. Baker},
  journal = {Speech Communication Papers for the 97th Meeting of the Acoustical Society},
  year      = {1979}
}

@InProceedings{Ballesteros2015,
  title     = {{I}mproved {T}ransition-{B}ased {P}arsing by {M}odeling {C}haracters instead of {W}ords with {LSTM}s },
  author    = {Miguel Ballesteros and Chris Dyer and Noah A. Smith},
  booktitle = {Proceedings of EMNLP},
  year      = {2015}
}

@InProceedings{Bahdanau2015,
  title     = {{N}eural {M}achine {T}ranslation by {J}ointly {L}earning to {A}lign and {T}ranslate},
  author    = {Dzmitry Bahdanau and Kyunghyun Cho and Yoshua Bengio},
  booktitle = {Proceedings of ICLR},
  year      = {2015}
}

@InProceedings{Belanger2016,
  title     = {{S}tructured {P}rediction {E}nergy {N}etworks},
  author    = {David Belanger and Andrew McCallum},
  booktitle = {Proceedings of ICML},
  year      = {2016}
}

@article{Bengio1994,
  title     = {{L}earning {L}ong-term {D}ependencies with {G}radient {D}escent is {D}ifficult},
  author    = {Yoshua Bengio and Patrice Simard and Paolo Frasconi},
  journal = {IEEE Transactions on Neural Networks},
  year      = {1994},
  volume = {5},
  pages = {157-166}
}

@article{Bengio2003,
  title     = {{A} {N}eural {P}robabilistic {L}anguage {M}odel},
  author    = {Yoshua Bengio and Rejean Ducharme and Pascal Vincent},
  journal = {Journal of Machine Learning Research},
  year      = {2003},
  volume = {3},
  pages = {1137-1155}
}

@InProceedings{Bengio2009,
  title     = {{C}urriculum {L}earning},
  author    = {Yoshua Bengio and Jerome Lourandour and Ronan Collobert and Jason Weston},
  booktitle = {Proceedings of ICML},
  year      = {2009}
}

@InProceedings{Bilmes2003,
  title     = {{F}actored {L}anguage {M}odels and {G}eneralized {P}arallel {B}ackoff},
  author    = {Jeff Bilmes and Katrin Kirchhoff},
  booktitle = {Proceedings of NAACL},
  year      = {2003}
}

@InProceedings{Buck2014,
  title     = {{N}-gram {C}ounts and {L}anguage {M}odels from the {C}ommon {C}rawl},
  author    = {Christian Buck and Kenneth Heafield and Bas van Ooyen},
  booktitle = {Proceedings of LREC},
  year      = {2014}
}

@InProceedings{Bowman2016,
  title     = {{A} {F}ast {U}nified {M}odel for {P}arsing and {S}entence {U}nderstanding},
  author    = {Samuel R. Bowman and Jon Gauthier and Abhinav Rastogi and Raghav Gupta and Christopher D. Manning and Christopher Potts},
  booktitle = {Proceedings of ACL},
  year      = {2016}
}

@InProceedings{Bowman2015,
  title     = {{T}ree-{S}tructured {C}omposition in {N}eural {N}etworks without {T}ree-{S}tructured {A}rchitectures},
  author    = {Samuel R. Bowman and Christopher D. Manning and Christopher Potts},
  booktitle = {Proceedings of the NIPS workshop on Cognitive Computation: Integrating Neural and Symbolic Approaches},
  year      = {2015}
}

@InProceedings{Bucila2006,
  title     = {{M}odel {C}ompression},
  author    = {Cristian Bucila and Rich Caruana and Alexandru Niculescu-Mizil},
  booktitle = {Proceedings of KDD},
  year      = {2006}
}


@InProceedings{Botha2014,
  title     = {{C}ompositional {M}orphology for {W}ord {R}epresentations and {L}anguage {M}odelling},
  author    = {Jan Botha and Phil Blunsom},
  booktitle = {Proceedings of ICML},
  year      = {2014}
}

@article{Chan2015,
  title     = {{L}isten, {A}ttend and {S}pell},
  author    = {William Chan and Navdeep Jaitly and Quoc Le and Oriol Vinyals},
  journal = {arXiv:1508.01211},
  year      = {2015}
}

@article{Chen2016,
  title     = {{E}nhancing and {C}ombining {S}equential and {T}ree {LSTM} for {N}atural {L}anguage {I}nference},
  author    = {Qian Chen and Xiaodan Zhu and Zhenhua Ling and Si Wei and Hui Jiang},
  journal = {arXiv:1609.06038},
  year      = {2016}
}

@article{Chen1998,
  title     = {{A}n {E}mpirical {S}tudy of {S}moothing {T}echniques for {L}anguage {M}odeling},
  author    = {Stanley Chen and Joshua Goodman},
  journal = {Technical Report, Harvard University},
  year      = {1998}
}

@article{Chen2016,
  title     = {{L}isten, {A}ttend and {S}pell},
  author    = {William Chan and Navdeep Jaitly and Quoc Le and Oriol Vinyals},
  journal = {arXiv:1508.01211},
  year      = {2015}
}

@InProceedings{Chen2014,
  title     = {{A} {S}ystematic {C}omparison of {S}moothing {T}echniques for {S}entence-{L}evel {BLEU}},
  author    = {Boxing Chen and Colin Cherry},
  booktitle = {Proceedings of the Ninth Workshop on Statistical Machine Translation},
  year      = {2014}
}

@InProceedings{Chen2015,
  title     = {{J}oint Learning of {C}haracter and {W}ord {E}mbeddings},
  author    = {Xinxiong Chen and Lei Xu and Zhiyuan Liu and Maosong Sun and Huanbo Luan},
  booktitle = {Proceedings of IJCAI},
  year      = {2015}
}

@InProceedings{Chen2015b,
  title     = {{L}earning {D}eep {S}tructured {M}odels},
  author    = {Liang-Chieh Chen and Alexander G. Schwing and Alan L. Yuille and Raquel Urtasun},
  booktitle = {Proceedings of ICML},
  year      = {2015}
}

@InProceedings{Chen2015b,
  title     = {{C}ompressing {N}eural {N}etworks with the {H}ashing {T}rick},
  author    = {Wenlin Chen and James T. Wilson and Stephen Tyree and Kilian Q. Weinberger and Yixin Chen},
  booktitle = {Proceedings of ICML},
  year      = {2015}
}

@InProceedings{Cheng2014,
  title     = {{L}anguage {M}odeling with {S}um-{P}roduct {N}etworks},
  author    = {Wei Chen Cheng and Stanley Kok and Hoai Vu Pham and Hai Leong Chieu and Kian Ming Chai},
  booktitle = {Proceedings of INTERSPEECH},
  year      = {2014}
}

@InProceedings{Chiang2012,
  title     = {{H}ope and {F}ear for {D}iscriminative {T}raining of {S}tatistical {T}ranslation {M}odels},
  author    = {David Chiang},
  booktitle = {JMLR},
  year      = {2012}
}

@InProceedings{Chitnis2015,
  title     = {{V}ariable-{L}ength {W}ord {E}ncodings for {N}eural {T}ranslation {M}odels},
  author    = {Rohan Chitnis and John DeNero},
  booktitle = {Proceedings of EMNLP},
  year      = {2015}
}

@InProceedings{Cho2014,
  title     = {{L}earning {P}hrase {R}epresentations using {RNN} {E}ncoder-{D}ecoder for {S}tatistical {M}achine {T}ranslation},
  author    = {Kyunghyun Cho and Bart van Merrienboer and Caglar Gulcehre and Dzmitry Bahdanau and Fethi Bougares and Holger Schwenk and Yoshua Bengio},
  booktitle = {Proceedings of EMNLP},
  year      = {2014}
}

@InProceedings{Cho2014b,
  title     = {{O}n the {P}roperties of {N}eural {M}achine {T}ranslation: {E}ncoder-{D}ecoder {A}pproaches},
  author    = {Kyunghyun Cho and Bart van Merrienboer and Dzmitry Bahdanau and Yoshua Bengio},
  booktitle = {Proceedings of the Eighth Workshop on Syntax, Sematncs and Structure in Statistical Translation},
  year      = {2014}
}

@InProceedings{Cho2015,
  title     = {{D}escribing {M}ultimedia {C}ontent using {A}ttention-based {E}ncoder-{D}ecoder {N}etworks},
  author    = {Kyunghyun Cho and Aaron Courville and Yoshua Bengio},
  booktitle = {IEEE Transactions on Multimedia},
  year      = {2015}
}

@InProceedings{Chorowski2015,
  title     = {{A}ttention-{B}ased {M}odels for {S}peech {R}ecognition},
  author    = {Jan Chorowski and Dzmitry Bahdanau and Dmitriy Serdyuk and Kyunghyun Cho and Yoshua Bengio},
  booktitle = {Proceedings of NIPS},
  year      = {2015}
}

@InProceedings{Chung2016,
  title     = {{A} {C}haracter-level {D}ecoder without {E}xplicit {S}egmentation for {N}eural {M}achine {T}ranslation},
  author    = {Junyoung Chung and Kyunghyun Cho and Yoshua Bengio},
  booktitle = {Proceedings of ACL},
  year      = {2016}
}

@article{cohn2016,
  title     = {Incorporating Structural Alignment Biases into an Attentional Neural Translation},
  author    = {Trevor Cohn and Cong Duy Vu Hoang and Ekaterina Vymolova and Kaisheng Yao and Chris Dyer and Gholamreza Haffari},
  journal = {arXiv:1601.01085},
  year      = {2016}
}


@article{Collobert2011,
  title     = {{N}atural {L}anguage {P}rocessing (almost) from {S}cratch},
  author    = {Ronan Collobert and Jason Weston and Leon Bottou and Michael Karlen and Koray Kavukcuoglu and Pavel Kuksa},
  journal = {Journal of Machine Learning Research},
  year      = {2011},
  volume = {12},
  pages = {2493-2537}
}

@article{Courbariaux2016,
  title     = {{B}inarized {N}eural {N}etworks: {T}raining {N}eural {N}etworks with {W}eights and {A}ctivations {C}onstrained to $+1$ or $-1$},
  author    = {Matthieu Courbariaux and Itay Hubara and Daniel Soudry and Ran El-Yaniv and Yoshua Bengio},
  journal = {arXiv:1602.02830},
  year      = {2016}
}

@InProceedings{Creutz2007,
  title     = {{U}nsupervised {M}odels for {M}orpheme {S}egmentation and {M}orphology {L}earning},
  author    = {Mathias Creutz and Krista Lagus},
  booktitle = {Proceedings of the ACM Transations on Speech and Language Processing},
  year      = {2007}
}

@InProceedings{Dai2015,
  title     = {{S}emi-{S}upervised {S}equence {L}earning},
  author    = {Andrew Dai and Quoc V. Le},
  booktitle = {Proceedings of NIPS},
  year      = {2015}
}

@InProceedings{Daume2005,
  title    = {{L}earning as {S}earch {O}ptimization: {A}pproximate {L}arge {M}argin {M}ethods},
  author     = {Hal {Daum{\'{e}} III} and Daniel Marcu},  
  booktitle = {Proceedings of ICML},
  year      = {2005}
}

@article{Daume2009,
  title    = {{S}earch-based {S}tructured {P}rediction},
  author     = {Hal {Daum{\'{e}} III} and John Langford and Daniel Marcu},  
  journal = {Machine Learning},
  year      = {2009}
}

@article{Deerwester1990,
  title     = {{I}ndexing by {L}atent {S}emantic {A}nalysis},
  author    = {Scott Deerwester and Susan Dumais and Richard Harshman},
  journal = {Journal of American Society of Information Science},
  volume = {41},
  pages = {391-407},
  year      = {1990}
}

@article{Deng2016,
  title     = {{W}hat {Y}ou {G}et {I}s {W}hat {Y}ou {S}ee: {A} {V}isual {M}arkup {D}ecompiler},
  author    = {Yuntian Deng and Anssi Kanervisto and Alexander M. Rush},
  journal = {arXiv:1609.04938},
  year      = {2016}
}

@InProceedings{Denil2013,
  title     = {{P}redicting {P}arameters in {D}eep {L}earning},
  author    = {Misha Denil and Babak Shakibi and Laurent Dinh and Marc'Aurelio Ranzato and Nando de Freitas},
  booktitle = {Proceedings of NIPS},
  year      = {2013}
}

@InProceedings{Denton2014,
  title     = {{E}xploiting {L}inear {S}tructure within {C}onvolutional {N}eural {N}etworks for {E}fficient {E}valuation},
  author    = {Emily L. Denton and Wojciech Zaremba and Joan Bruna and Yann LeCun and Rob Fergus},
  booktitle = {Proceedings of NIPS},
  year      = {2014}
}

@InProceedings{Do2010,
  title     = {{N}eural {C}onditional {R}andom {F}ields},
  author    = {Trinh-Minh-Tri Do and Thierry Arti{\'{e}}res},
  booktitle = {Proceedings of AISTATS},
  year      = {2010}
}

@InProceedings{Domke2010,
  title     = {{I}mplicit {D}ifferentiation by {P}erturbation},
  author    = {Justin Domke},
  booktitle = {Proceedings of NIPS},
  year      = {2010}
}

@InProceedings{Domke2011,
  title     = {{P}arameter {L}earning with {T}runcated {M}essage-{P}assing},
  author    = {Justin Domke},
  booktitle = {Proceedings of CVPR},
  year      = {2011}
}


@inproceedings{domke2012generic,
  title={Generic Methods for Optimization-Based Modeling.},
    author={Domke, Justin},
      booktitle={AISTATS},
        pages={318--326},
          year={2012}
          }

@InProceedings{Durrett2015,
  title     = {{N}eural {CRF} {P}arsing},
  author    = {Greg Durrett and Dan Klein},
  booktitle = {Proceedings of ACL},
  year      = {2015}
}

@article{Duchi2011,
  title     = {{A}daptive {S}ubgradient {M}ethods for {O}nline {L}earning and {S}tochastic {O}ptimization},
  author    = {John Duchi and Elad Hazan and Yoram Singer},
  journal = {Journal of Machine Learning Research},
  year      = {2011},
  volume = {12},
  pages = {2021-2159}
}

@InProceedings{Dyer2013,
  title     = {{A} {S}imple, {F}ast, and {E}ffective {R}eparameterization of {IBM} {M}odel 2},
  author    = {Chris Dyer and Victor Chahuneau and Noah A. Smith},
  booktitle = {Proceedings of NAACL},
  year      = {2013}
}

@InProceedings{Eisner1996,
  title     = {{T}hree {N}ew {P}robabilistic {M}odels for {D}ependency {P}arsing: An {E}xploration},
  author    = {Jason M. Eisner},
  booktitle = {Proceedings of ACL},
  year      = {1996}
}

@InProceedings{Eisner2016,
  title     = {{I}nside-{O}utside and {F}orward-{B}ackward {A}lgorithms are just {B}ackprop},
  author    = {Jason M. Eisner},
  booktitle = {Proceedings of Structured Prediction Workshop at EMNLP},
  year      = {2016}
}


@article{Firat2016,
  title     = {{M}ulti-Way, {M}ultilingual {N}eural {M}achine {T}ranslation with a {S}hared {A}ttention {M}echanism},
  author    = {Orhan Firat and Kyunghyun Cho and Yoshua Bengio},
  journal = {arXiv:1601.01073},
  year      = {2016}
}

@article{Gage1994,
  title     = {{A} {N}ew {A}lgorithm for {D}ata {C}ompression},
  author    = {Philip Gage},
  journal = {The C Users Journal},
  year      = {1994}
}

@InProceedings{Geras2016,
  title     = {{B}lending {LSTM}s into {CNN}s},
  author    = {Krzysztof J. Geras and Abdel-rahman Mohamed and Rich Caruana and Gregor Urban and Shengjie Wang and Ozlem Aslan
  and Matthai Philipose and Matthew Richardson and Charles Sutton},
  booktitle = {Proceedings of ICLR Workshop},
  year      = {2016}
}


@article{Graves2013,
  title     = {{G}enerating {S}equences with {R}ecurrent {N}eural {N}etworks},
  author    = {Alex Graves},
  journal = {arXiv:1308.0850},
  year      = {2013}
}

@article{Graves2014,
  title     = {{N}eural {T}uring {M}achines},
  author    = {Alex Graves and Greg Wayne and Ivo Danihelka},
  journal = {arXiv:1410.5401},
  year      = {2014}
}

@article{Graves2016,
  title     = {{H}ybrid {C}omputing {U}sing a {N}eural {N}etwork with {D}ynamic {E}xternal {M}emory},
  author    = {Alex Graves and Greg Wayne and Malcolm Reynolds and Tim Harley and Ivo Danihelka and
  Agnieszka Grabska-Barwinska and Sergio Gomez Colmenarejo and Edward Grefenstette and Tiago Ramalho
  and John Agapiou and Adria Puigdomenech Badia and Karl Moritz Hermann and Yori Zwols and Georg Ostrovski
  and Adam Cain and Helen King and Christopher Summerfield and Phil Blunsom and Koray Kavukcuoglu and Demis Hassabis},
  journal = {Nature},
  year      = {2016},
  month = {October}
}

@InProceedings{Gillick2016,
  title     = {{M}ultilingual {L}anguage {P}rocessing from {B}ytes},
  author    = {Dan Gillick and Cliff Brunk and Oriol Vinyals and Amarnag Subramanya},
  booktitle = {Proceedings of NAACL},
  year      = {2016}
}

@InProceedings{Grefenstette2015,
  title     = {{L}earning to {T}ransduce with {U}nbounded {M}emory},
  author    = {Edward Grefenstette and Karl Moritz Hermann and Mustafa Suleyman and Phil Blunsom},
  booktitle = {Proceedings of NIPS},
  year      = {2015}
}

@article{Gulcehre2015,
  title     = {{O}n {U}sing {M}onolingual {C}orpora in {N}eural {M}achine {T}ranslation},
  author    = {Caglar Gulcehre and Orhan Firat and Kelvin Xu and Kyunghyun Cho and Loic Barrault and Heui-Chi Lin
  and Fethi Bougares and Holger Schwenk and Yoshua Bengio},
  journal = {arXiv:1503.03535},
  year      = {2015}
}

@InProceedings{Gormley2015,
  title     = {{A}pproximation-{A}ware {D}ependency {P}arsing by {B}elief {P}ropagation},
  author    = {Matthew R. Gormley and Mark Dredze and Jason Eisner},
  booktitle = {Proceedings of TACL},
  year      = {2015}
}

@article{Graves2014,
  title     = {{N}eural {T}uring {M}achines},
  author    = {Alex Graves and Greg Wayne and Ivo Danihelka},
  journal = {arXiv:1410.5401},
  year      = {2014}
}

@InProceedings{Han2016,
  title     = {{D}eep {C}ompression: {C}ompressing {D}eep {N}eural {N}etworks with {P}runing, {T}rained {Q}uantization and {H}uffman {C}oding},
  author    = {Song Han and Huizi Mao and William J. Dally},
  booktitle = {Proceedings of ICLR},
  year      = {2016}
}

@InProceedings{Hassibi1993,
  title     = {Second order derivatives for network pruning: Optimal Brain Surgeon},
  author    = {Babak Hassibi and David G. Stork},
  booktitle = {Proceedings of NIPS},
  year      = {1993}
}


@InProceedings{He2014,
  title     = {{R}eshaping {D}eep {N}eural {N}etwork for {F}ast {D}ecoding by {N}ode-{P}runing},
  author    = {Tianxing He and Yuchen Fan and Yanmin Qian and Tian Tan and Kai Yu},
  booktitle = {Proceedings of ICASSP},
  year      = {2014}
}

@InProceedings{Hermann2015,
  title     = {{T}eaching {M}achines to {R}ead and {C}omprehend},
  author    = {Karl Moritz Hermann and Tomas Kocisky and Edward Grefenstette and Lasse Espeholt and Will Kay
  and Mustafa Suleyman and Phil Blunsom},
  booktitle = {Proceedings of NIPS},
  year      = {2015}
}

@article{Hershey2014,
  title     = {{D}eep {U}nfolding: {M}odel-based {I}nspiration of {N}ovel {D}eep {A}rchitectures},
  author    = {John R. Hershey and Jonathan Le Roux and Felix Weninger},
  journal = {arXiv:1409.2574},
  year      = {2014},
}

@article{Hinton2012,
  title     = {{I}mproving {N}eural {N}etworks by {P}reventing {C}o-{A}daptation of {F}eature {D}etectors},
  author    = {Geoffrey Hinton and Nitish Srivastava and Alex Krizhevsky and Ilya Sutskever and Ruslan Salakhutdinov},
  journal = {arXiv:1207.0580},
  year      = {2012},
}

@article{Hinton2015,
  title     = {{D}istilling the {K}nowledge in a {N}eural {N}etwork},
  author    = {Geoffrey Hinton and Oriol Vinyals and Jeff Dean},
  journal = {arXiv:1503.0253},
  year      = {2015},
}

@article{Hochreiter1997,
  title     = {{L}ong {S}hort-{T}erm {M}emory},
  author    = {Sepp Hochreiter and J\''urgen Schmidhuber},
  journal = {Neural Computation},
  year      = {1997},
  volume = {9},
  pages = {1735-1780}
}

@InProceedings{Jaderberg2014,
  title     = {{S}peeding Up {C}onvolutional {N}eural {N}etworks with {L}ow {R}ank {E}xpansions},
  author    = {Max Jaderberg and Andrea Vedaldi and Andrew Zisserman},
  booktitle = {BMCV},
  year      = {2014}
}

@InProceedings{Neubig2011,
  title     = {{P}ointwise {P}rediction for {R}obust, {A}daptable {J}apanese {M}orphological {A}nalysis},
  author    = {Graham Neubig and Yosuke Nakata and Shinsuke Mori},
  booktitle = {Proceedings of ACL},
  year      = {2011}
}

@article{Neubig2016,
  title     = {{L}exicons and {M}inimum {R}isk {T}raining for {N}eural {M}achine {T}ranslation: {NAIST}-{CMU} at {WAT}2016},
  author    = {Graham Neubig},
  journal = {arXiv:1610.06542},
  year      = {2016}
}

@InProceedings{Jaderberg2014b,
  title     = {{D}eep {S}tructured {O}utput {L}earning for {U}nconstrained {T}ext {R}ecognition},
  author    = {Max Jaderberg and Karen Simonyan and Andrea Vedaldi and Andrew Zisserman},
  booktitle = {Proceedings of ICLR},
  year      = {2014}
}

@InProceedings{Jean2015,
  title     = {{O}n {U}sing {V}ery {L}arge {T}arget {V}ocabulary for {N}eural {M}achine {T}ranslation},
  author    = {Sebastien Jean and Kyunghyun Cho and Roland Memisevic and Yoshua Bengio},
  booktitle = {Proceedings of ACL},
  year      = {2015}
}

@article{Jozefowicz2016,
  title     = {{E}xploring the {L}imits of {L}anguage {M}odeling},
  author    = {Rafal Jozefowicz and Oriol Vinyals and Mike Schuster and Noam Shazeer and Yonghui Wu},
  journal = {arXiv:1602.02410},
  year      = {2016},
}

@article{Jussa2016,
  title     = {{C}haracter-based {N}eural {M}achine {T}ranslation},
  author    = {Marta R. Costa-Jussa and Jose A.R. Fonollosa},
  journal = {arXiv:1603.00810},
  year      = {2016},
}


@InProceedings{Kalchbrenner2013,
  title     = {{R}ecurrent {C}ontinuous {T}ranslation {M}odels},
  author    = {Nal Kalchbrenner and Phil Blunsom},
  booktitle = {Proceedings of EMNLP},
  year      = {2013}
}


@InProceedings{Kalchbrenner2014,
  title     = {{A} {C}onvolutional {N}eural {N}etwork for {M}odelling {S}entences},
  author    = {Nal Kalchbrenner and Edward Grefenstette and Phil Blunsom},
  booktitle = {Proceedings of ACL},
  year      = {2014}
}

@InProceedings{Kim2014,
  title     = {{C}onvolutional {N}eural {N}etworks for {S}entence {C}lassification},
  author    = {Yoon Kim},
  booktitle = {Proceedings of EMNLP},
  year      = {2014}
}

@InProceedings{Kingma2015,
  title     = {{A}dam: {A} {M}ethod for {S}tochastic {O}ptimization},
  author    = {Diederik Kingma and Jimmy Ba},
  booktitle = {Proceedings of ICLR},
  year      = {2015}
}

@InProceedings{Lample2016,
  title     = {{N}eural {A}rchitectures for {N}amed {E}ntity {R}ecognition},
  author    = {Guillaume Lample and Miguel Ballesteros and Sandeep Subramanian and Kazuya Kawakami and Chris Dyer},
  booktitle = {Proceedings of NAACL},
  year      = {2016}
}

@InProceedings{Le2015,
  title     = {{C}ompositional {D}istributional {S}emantics with {L}ong {S}hort {T}erm {M}emory},
  author    = {Phong Le and Willem Zuidema},
  booktitle = {Proceedings of Joint Conference on Lexical and Computational Semantics},
  year      = {2015}
}

@InProceedings{Lu2016,
  title     = {{S}egmental {R}ecurrent {N}eural {N}etworks for {E}nd-to-{E}nd {S}peech {R}ecognition},
  author    = {Liang Lu and Lingpeng Kong and Chris Dyer and Noah A. Smith and Steve Renals},
  booktitle = {Proceedings of INTERSPEECH},
  year      = {2016}
}

@InProceedings{Kipperwasser2016,
  title     = {{S}imple and {A}ccurate {D}ependency {P}arsing using {B}idirectional {LSTM} {F}eature {R}epresentations},
  author    = {Eliyahu Kipperwasser and Yoav Goldberg},
  booktitle = {TACL},
  year      = {2016}
}

@InProceedings{Kong2016,
  title     = {{S}egmental {R}ecurrent {N}eural {N}etworks},
  author    = {Lingpeng Kong and Chris Dyer and Noah A. Smith},
  booktitle = {Proceedings of ICLR},
  year      = {2016}
}


@InProceedings{Kim2016,
  title     = {{C}haracter-{A}ware {N}eural {L}anguage {M}odels},
  author    = {Yoon Kim and Yacine Jernite and David Sontag and Alexander M. Rush},
  booktitle   = {Proceedings of AAAI},
  year      = {2016}
}

@InProceedings{Lafferty2001,
  title     = {{C}onditional {R}andom {F}ields: {P}robabilistic {M}odels for {S}egmenting and {L}abeling {S}equence {D}ata},
  author    = {John Lafferty and Andrew McCallum and Fernando Pereira},
  booktitle = {Proceedings of ICML},
  year      = {2001}
}

@InProceedings{Liang2006,
  title     = {{A}n {E}nd-to-{E}nd {D}iscriminative {A}pproach to {M}achine {T}ranslation},
  author    = {Percy Liang and Alexandre Bouchard-Cote and Dan Klein and Ben Taskar},
  booktitle = {Proceedings of COLING-ACL},
  year      = {2006}
}

@InProceedings{Li2016,
  title     = {{A} {D}iversity-{P}romoting {O}bjective {F}unction for {N}eural {C}onversational {M}odels},
  author    = {Jiwei Li and Michael Galley and Chris Brockett and Jianfeg Gao and Bill Dolan},
  booktitle = {Proceedings of NAACL 2016},
  year      = {2016}
}

@InProceedings{Li2009,
  title     = {{F}irst- and {S}econd-{O}rder {E}xpectation {S}emirings with {A}pplications to {M}inimum-{R}isk {T}raining on {T}ranslation {F}orests},
  author    = {Zhifei Li and Jason Eisner},
  booktitle = {Proceedings of EMNLP 2009},
  year      = {2009}
}

@InProceedings{Luong2015,
  title     = {{E}ffective {A}pproaches to {A}ttention-based {N}eural {M}achine {T}ranslation},
  author    = {Minh-Thang Luong and Hieu Pham and Christopher D. Manning},
  booktitle = {Proceedings of EMNLP},
  year      = {2015}
}

@InProceedings{Lu2016,
  title     = {{L}earning {C}ompact {R}ecurrent {N}eural {N}etworks},
  author    = {Zhiyun Lu and Vikas Sindhwani and Tara N. Sainath},
  booktitle = {Proceedings of ICASSP},
  year      = {2016}
}

@InProceedings{Luong2015b,
  title     = {{A}ddressing the {R}are {W}ord {P}roblem in {N}eural {M}achine {T}ranslation},
  author    = {Minh-Thang Luong and Ilya Sutskever and Quoc Le and Oriol Vinyals and Wojciech Zaremba},
  booktitle = {Proceedings of ACL},
  year      = {2015}
}

@InProceedings{Krizhevsky2012,
  title     = {{I}mage{N}et {C}lassification with {D}eep {C}onvolutional {N}eural {N}etworks},
  author    = {Alex Krizhevsky and Ilya Sutskever and Geoffrey Hinton},
  booktitle = {Proceedings of NIPS},
  year      = {2012}
}


@InProceedings{LeCun1990,
  title     = {{O}ptimal {B}rain {D}amage},
  author    = {Yann LeCun and John S. Denker and Sara A. Solla},
  booktitle = {Proceedings of NIPS},
  year      = {1990}
}
@InProceedings{LeCun1989,
  title     = {{H}andwritten {D}igit {R}ecognition with a {B}ackpropagation {N}etwork},
  author    = {Yann LeCun and B Boser and J S. Denker and D Henderson and R E. Howard and W Hubbard and L D. Jackel},
  booktitle = {Proceedings of NIPS},
  year      = {1989}
}

@InProceedings{LeCun1998,
  title     = {{G}radient-based {L}earning {A}pplied to {D}ocument {R}ecognition},
  author    = {Yann LeCun and Leon Bottou and Yoshua Bengio and Patrick Haffner},
  booktitle = {Proceedings of IEEE},
  year      = {1998}
}

@InProceedings{Lei2015,
  title     = {{M}olding {CNN}s for {T}ext: {N}on-linear, {N}on-consecutive {C}onvolutions},
  author    = {Tao Lei and Regina Barzilay and Tommi Jaakola},
  booktitle = {Proceedings of EMNLP},
  year      = {2015}
}

@InProceedings{Li2014,
  title     = {{L}earning {S}mall-{S}ize {DNN} with {O}utput-{D}istribution-{B}ased {C}riteria},
  author    = {Jinyu Li and Rui Zhao and Jui-Ting Huang and Yifan Gong},
  booktitle = {Proceedings of INTERSPEECH},
  year      = {2014}
}

@InProceedings{Lin2016,
  title     = {{N}eural {N}etworks with {F}ew {M}ultiplications},
  author    = {Zhouhan Lin and Matthieu Coubariaux and Roland Memisevic and Yoshua Bengio},
  booktitle = {Proceedings of ICLR},
  year      = {2016}
}

@InProceedings{Ling2015,
  title     = {{F}inding {F}unction in {F}orm: {C}omposition {C}haracter {M}odels for {O}pen {V}ocabulary {W}ord {R}epresentation},
  author    = {Wang Ling and Tiago Lui and Luis Marujo and Ramon Fernandez Astudillo and Silvio Amir and Chris Dyer and Alan W Black and Isabel Trancoso},
  booktitle = {Proceedings of EMNLP},
  year      = {2015}
}

@article{Ling2015b,
  title     = {{C}haracter-based {N}eural {M}achine {T}ranslation},
  author    = {Wang Ling and Isabel Trancoso and Chris Dyer and Alan W Black},
  journal = {arXiv:1511.04586},
  year      = {2015}  
}

@InProceedings{Luong2013,
  title     = {{B}etter {W}ord {R}epresentations with {R}ecursive {N}eural {N}etworks for {M}orphology},
  author    = {Minh-Thang Luong and Richard Socher and Chris Manning},
  booktitle = {Proceedings of CoNLL},
  year      = {2013}
}


@InProceedings{Ma2015,
  title     = {{D}ependency-based {C}onvolutional {N}eural {N}etworks for {S}entence {E}mbedding},
  author    = {Mingbo Ma and Liang Huang and Bing Xiang and Bowen Zhou},
  booktitle = {Proceedings of ACL},
  year      = {2015}
}

@InProceedings{Maas2015,
  title     = {{L}exicon-{F}ree {C}onversational {S}peech {R}ecognition with {N}eural {N}etworks},
  author    = {Andrew Maas and Zhaing Xie and Daniel Jurafsky and Andrew Ng},
  booktitle = {Proceedings of NAACL},
  year      = {2015}
}

@article{Maaten2008,
  title     = {{V}isualizing {D}ata using t-{SNE}},
  author    = {Laurens van der Maaten and Geoffrey Hinton},
  journal = {Journal of Machine Learning Research},
  year      = {2008}
}

@article{Marcus1993,
  title     = {{B}uilding a {L}arge {A}nnotated {C}orpus of {E}nglish: the {P}enn {T}reebank},
  author    = {Mitchell Marcus and Beatrice Santorini and Mary Marcinkiewicz},
  journal = {Computational Linguistics},
  year      = {1993},
  volume = {19},
  pages = {331-330}
}

@InProceedings{Mariet2016,
  title     = {{D}iversity {N}etworks},
  author    = {Zelda Mariet and Suvrit Sra},
  booktitle = {Proceedings of ICLR},
  year      = {2016}
}

@InProceedings{Mikolov2010,
  title     = {{R}ecurrent {N}eural {N}etwork {B}ased {L}anguage {M}odel},
  author    = {Tomas Mikolov and Martin Karafiat and Lukas Burget and Jan Cernocky and Sanjeev Khudanpur},
  booktitle = {Proceedings of INTERSPEECH},
  year      = {2010}
}

@InProceedings{Mikolov2011,
  title     = {{E}mpirical {E}valuation and {C}ombination of {A}dvanced {L}anguage {M}odeling {T}echniques},
  author    = {Tomas Mikolov and Anood Deoras and Stefan Kombrink and Lukas Burget and Jan Cernocky},
  booktitle = {Proceedings of INTERSPEECH},
  year      = {2011}
}


@InProceedings{Mikolov2012a,
  title     = {{C}ontext {D}ependent {R}ecurrent {N}eural {N}etwork {L}anguage {M}odel},
  author    = {Tomas Mikolov and Geoffrey Zweig},
  booktitle = {Proceedings of SLT},
  year      = {2012}
}

@article{Mikolov2012b,
  title     = {{S}ubword {L}anguage {M}odeling with {N}eural {N}etworks},
  author    = {Tomas Mikolov and Ilya Sutskever and Anoop Deoras and Hai-Son Le and Stefan Kombrink and Jan Cernocky},
  journal = {preprint: www.fit.vutbr.cz/\~imikolov/rnnlm/char.pdf},
  year      = {2012}
}

@article{Mikolov2013a,
  title     = {{E}fficient {E}stimation of {W}ord {R}epresentations in {V}ector {S}pace},
  author    = {Tomas Mikolov and Kai Chen and Greg Corrado and Jeffrey Dean},
  journal = {arXiv:1301.3781},
  year      = {2013}
}

@article{Mikolov2013b,
  title     = {{L}inguistic {R}egularities in {C}ontinuous {S}pace {W}ord {R}epresentations},
  author    = {Tomas Mikolov and Wen-Tau Yih and Geoffrey Zweig},
  journal = {Proceedings of NAACL},
  year      = {2013}
}

@article{Munkhdalai2016,
  title     = {{N}eural {T}ree {I}ndexers for {T}ext {U}nderstanding},
  author    = {Tsendsuren Munkhdalai and Hong Yu},
  journal = {arxiv:1607.04492},
  year      = {2016}
}


@InProceedings{Mnih2007,
  title     = {{T}hree {N}ew {G}raphical {M}odels for {S}tatistical {L}anguage {M}odelling},
  author    = {Andriy Mnih and Geoffrey Hinton},
  booktitle = {Proceedings of ICML},
  year      = {2007}
}

@InProceedings{Papineni2002,
  title     = {{BLEU}: {A} {M}ethod for {A}utomatic {E}valuation of {M}achine {T}ranslation},
  author    = {Kishore Papineni and Slim Roukos and Todd Ward and Wei-Jing Zhu},
  booktitle = {Proceedings of ICML},
  year      = {2002}
}

@InProceedings{Morin2005,
  title     = {{H}ierarchical {P}robabilistic {N}eural {N}etwork {L}anguage {M}odel},
  author    = {Frederic Morin and Yoshua Bengio},
  booktitle = {Proceedings of AISTATS},
  year      = {2005}
}

@InProceedings{Murray2015,
  title     = {{A}uto-sizing {N}eural {N}etworks: {W}ith {A}pplications to {N}-{G}ram {L}anguage {M}odels},
  author    = {Kenton Murray and David Chiang},
  booktitle = {Proceedings of EMNLP},
  year      = {2015}
}

@InProceedings{Maaten2008,
  title     = {{V}isualizing {D}ata {u}sing t-{SNE}},
  author    = {Laurens van der Maaten and Geoffrey E. Hinton},
  booktitle = {JMLR},
  year      = {2009}
}

@InProceedings{Maclaurin2015,
  title     = {{G}radient-based {H}yperparameter {O}ptimization through {R}eversible {L}earning},
  author    = {Dougal Maclaurin and David Duvenaud and Ryan P. Adams},
  booktitle = {Proceedings of ICML},
  year      = {2015}
}

@article{Munkhdalai2016,
  title     = {{N}eural {T}ree {I}ndexers for {T}ext {U}nderstanding},
  author    = {Tsendsuren Munkhdalai and Hong Yu},
  journal = {arXiv:1607.04492},
  year      = {2016}
}

@article{Mou2015,
  title     = {{D}istilling {W}ord {E}mbeddings: {A}n {E}ncoding {A}pproach},
  author    = {Lili Mou and Ge Li and Yan Xu and Lu Zhang and Zhi Jin},
  journal = {arXiv:1506.04488},
  year      = {2015}
}

@InProceedings{Mou2015b,
  title     = {{D}iscriminative {N}eural {S}entence {M}odeling by {T}ree-based {C}onvolution},
  author    = {Lili Mou and Hao Peng and Ge Li and Yan Xu and Lu Zhang and Zhi Jin},
  booktitle = {Proceedings of EMNLP},
  year      = {2015}
}

@InProceedings{Mou2016,
  title     = {Natural Language Inference by Tree-based Convolution and Heuristic Matching},
  author    = {Lili Mou and Rui Men and Ge Li and Yan Xu and Lu Zhang and Rui Yan and Zhi Jin},
  booktitle = {Proceedings of ACL},
  year      = {2016}
}

@InProceedings{Nakov2012,
  title     = {{C}ombining {W}ord-level and {C}haracter-level {M}odels for {M}achine {T}ranslations between {C}losely-{R}elated {L}anguages},
  author    = {Preslav Nakov and Jorg Tiedemann},
  booktitle = {Proceedings of ACL},
  year      = {2012}
}

@InProceedings{Neubig2013,
  title     = {{S}ubstring-based {M}achine {T}ranslation},
  author    = {Graham Neubig and Taro Watanabe and Shinsuke Mori and Tatsuya Kawahara},
  booktitle = {Machine Translation},
  year      = {2013}
}

@InProceedings{Och2003,
  title     = {{M}inimum {E}rror {R}ate {T}raining in {S}tatistical {M}achine {T}ranslation},
  author    = {Franz J. Och},
  booktitle = {Proceedings of ACL},
  year      = {2003}
}

@InProceedings{Parikh2016,
  title     = {{A} {D}ecomposable {A}ttention {M}odel for {N}atural {L}anguage {I}nference},
  author    = {Ankur P. Parikh and Oscar Tackstrom and Dipanjan Das and Jakob Uszkoreit},
  booktitle = {Proceedings of EMNLP},
  year      = {2016}
}

@InProceedings{Peng2009,
  title     = {{C}onditional {N}eural {F}ields},
  author    = {Jian Peng and Liefeng Bo and Jinbo Xu},
  booktitle = {Proceedings of NIPS},
  year      = {2009}
}

@article{Pascanu2013,
  title     = {{H}ow to {C}onstruct {D}eep {N}eural {N}etworks},
  author    = {Razvan Pascanu and Caglar Culcehre and Kyunghyun Cho and Yoshua Bengio},
  journal = {arXiv:1312.6026},
  year      = {2013}
}

@InProceedings{Pennington2014,
  title     = {{G}lo{V}e: {G}lobal {V}ectors for {W}ord {R}epresentation},
  author    = {Jeffrey Pennington and Richard Socher and Christopher D. Manning},
  booktitle = {Proceedings of EMNLP},
  year      = {2014}
}

@InProceedings{Prabhavalkar2016,
  title     = {{O}n the {C}ompression of {R}ecurrent {N}eural {N}etworks with an {A}pplication to {LVCSR} {A}coustic {M}odeling for {E}mbedded {S}peech {R}ecognition},
  author    = {Rohit Prabhavalkar and Ouais Alsharif and Antoine Bruguier and Ian McGraw},
  booktitle = {Proceedings of ICASSP},
  year      = {2016}
}

@InProceedings{Qui2014,
  title     = {{C}o-learning of {W}ord {R}epresentations and {M}orpheme {R}epresentations},
  author    = {Siu Qui and Qing Cui and Jiang Bian and Bin Gao},
  booktitle = {Proceedings of COLING},
  year      = {2014}
}

@InProceedings{Rastogi2016,
  title     = {{W}eighting {F}inite-{S}tate {T}ransductions with {N}eural {C}ontext},
  author    = {Pushpendre Rastogi and Ryan Cotterell and Jason Eisner},
  booktitle = {Proceedings of NAACL},
  year      = {2016}
}

@InProceedings{Rock2016,
  title     = {{R}easoning about {E}ntailment with {N}eural {A}ttention},
  author    = {Tim Rockt\"{a}schel and Edward Grefenstette and Karl Moritz Hermann and Tomas Kocisky and Phil Blunsom},
  booktitle = {Proceedings of ICLR},
  year      = {2016}
}

@InProceedings{Ross2011,
  title     = {{A} {R}eduction of {I}mitation {L}earning and {S}tructured {P}rediction to {N}o-{R}egret {O}nline {L}earning},
  author    = {Stephane Ross and Geoffrey J. Gordon and Drew Bagnell},
  booktitle = {Proceedings of AISTATS},
  year      = {2011}
}

@InProceedings{Romero2015,
  title     = {{F}it{N}ets: {H}ints for {T}hin {D}eep {N}ets},
  author    = {Adriana Romero and Nicolas Ballas and Samira Ebrahimi Kahou and Antoine Chassang and
  Carlo Gatta and Yoshua Bengio},
  booktitle = {Proceedings of ICLR},
  year      = {2015}
}

@InProceedings{Rush2015,
  title     = {{A} {N}eural {A}ttention {M}odel for {A}bstractive {S}entence {S}ummarization},
  author    = {Alexander M. Rush and Sumit Chopra and Jason Weston},
  booktitle = {Proceedings of EMNLP},
  year      = {2015}
}


@InProceedings{Santos2014a,
  title     = {{L}earning {C}haracter-level {R}epresentations for {P}art-of-{S}peech {T}agging},
  author    = {Cicero Nogueira dos Santos and Bianca Zadrozny},
  booktitle = {Proceedings of ICML},
  year      = {2014}
}

@InProceedings{Santos2014b,
  title     = {{D}eep {C}onvolutional {N}eural {N}etworks for {S}entiment {A}nalysis of {S}hort {T}exts},
  author    = {Cicero Nogueira dos Santos and Maira Gatti},
  booktitle = {Proceedings of COLING},
  year      = {2014}
}

@InProceedings{Serban2016,
  title     = {{B}uilding {E}nd-to-{E}nd {D}ialogue {S}ystems {U}sing {G}enerative {H}ierarchical {N}eural {N}etwork {M}odels},
  author    = {Iulian V. Serban and Allesandro Sordoni and Yoshua Bengio and Aaron Courville and Joelle Pineau},
  booktitle = {Proceedings of AAAI},
  year      = {2016}
}

@InProceedings{See2016,
  title     = {{C}ompression of {N}eural {M}achine {T}ranslation via {P}runing},
  author    = {Abigail See and Minh-Thang Luong and Christopher D. Manning},
  booktitle = {Proceedings of CoNLL},
  year      = 2016
}


@InProceedings{Santos2015,
  title     = {{B}oosting {N}amed {E}ntity {R}ecognition with {N}eural {C}haracter {E}mbeddings},
  author    = {Cicero Nogueira dos Santos and Victor Guimaraes},
  booktitle = {Proceedings of ACL Named Entities Workshop},
  year      = {2015}
}

@InProceedings{Schwenk2005,
  title     = {{T}raining {N}eural {N}etwork {L}anguage {M}odels on {V}ery {L}arge {C}orpora},
  author    = {Holger Schwenk and Jean-Luc Gauvain},
  booktitle = {Proceedings of EMNLP},
  year      = {2005}
}

@InProceedings{Shang2015,
  title     = {{T}he {F}ixed-{S}ize {O}rdinally-{F}orgetting {E}ncoding {M}ethod for {N}eural {N}etwork {L}anguage {M}odels},
  author    = {Shiliang Zhang and Hui Jiang and Mingbin Xu and Junfeng Hou and Lirong Dai},
  booktitle = {Proceedings of ACL},
  year      = {2015}
}

@InProceedings{Shen2016,
  title     = {{M}inimum {R}isk {T}raining for {N}eural {M}achine {T}ranslation},
  author    = {Shiqi Shen and Yong Cheng and Zhongjun He and Wei He and Hua Wu and Masong Sun and Yang Liu},
  booktitle = {Proceedings of ACL},
  year      = {2016}
}


@article{Sennrich2015b,
  title     = {{N}eural {M}achine {T}ranslation of {R}are {W}ords with {S}ubword {U}nits},
  author    = {Rico Sennrich and Barry Haddow and Alexandra Birch},
  journal   = {arXiv:1507.07909},
  year      = {2015}
}


@InProceedings{Smith2008,
  title     = {{D}ependency {P}arsing as {B}elief {P}ropagation},
  author    = {David A. Smith and Jason Eisner},
  booktitle = {Proceedings of EMNLP},
  year      = {2008}
}

@InProceedings{Socher2011,
  title     = {{S}emi-{S}upervised {R}ecursive {A}utoencoders for {P}redicting {S}entiment {D}istributions},
  author    = {Richard Socher and Jeffrey Pennington and Eric Huang and Andrew Ng and Christopher D. Manning},
  booktitle = {Proceedings of EMNLP},
  year      = {2011}
}

@InProceedings{Socher2013,
  title     = {{R}ecursive {D}eep {M}odels for {S}emantic {C}ompositionality {O}ver a {S}entiment {T}reebank},
  author    = {Richard Socher and Alex Perelygin and Jean Y. Wu and Jason Chuang and Christopher D. Manning and Andrew Y. Ng and Christopher Potts},
  booktitle = {Proceedings of EMNLP},
  year      = {2013}
}

@article{Srivastava2014,
  title     = {{D}ropout: {A} {S}imple {W}ay to {P}revent {N}eural {N}etworks from {O}verfitting},
  author    = {Nitish Srivastava and Geoffrey Hinton and Alex Krizhevsky and Ilya Sutskever and Ruslan Salakhutdinov},
  journal = {Journal of Machine Learning Research},
  year      = {2014}
}

@article{Srivastava2015a,
  title     = {{U}nsupervised {L}earning of {V}ideo {R}epresentations using {LSTM}s},
  author    = {Nitish Srivastava and Elman Mansimov and Ruslan Salakhutdinov},
  journal = {Proceedings of ICML},
  year      = {2015}
}

@article{Srinivas2015,
  title     = {{D}ata-free {P}arameter {P}runing for {D}eep {N}eural {N}etworks},
  author    = {Suraj Srinivas and R. Venkatesh Babu},
  journal = {BMVC},
  year      = {2015}
}

@article{Srivastava2015,
  title     = {{T}raining {V}ery {D}eep {N}etworks},
  author    = {Rupesh Kumar Srivastava and Klaus Greff and Jurgen Schmidhuber},
  journal = {arXiv:1507.06228},
  year      = {2015}
}

@InProceedings{Stoyanov2011,
  title     = {{E}mpirical {R}isk {M}inimization of {G}raphical {M}odel {P}arameters {G}iven {A}pproximate {I}nference, {D}ecoding, and {M}odel {S}tructure},
  author    = {Veselin Stoyanov and Alexander Ropson and Jason Eisner},
  booktitle = {Proceedings of AISTATS},
  year      = {2011}
}

@InProceedings{Stoyanov2012,
  title     = {{M}inimum-{R}isk {T}raining of {A}pproximate {CRF}-based {NLP} {S}ystems},
  author    = {Veselin Stoyanov and Jason Eisner},
  booktitle = {Proceedings of NAACL},
  year      = {2012}
}

@InProceedings{Sundermeyer2012,
  title     = {{LSTM} {N}eural {N}etworks for {L}anguage {M}odeling},
  author    = {Martin Sundermeyer and Ralf Schluter and Hermann Ney},
  booktitle = {Proceedings of INTERSPEECH},
  year      = {2012}
}

@InProceedings{Sukhbaatar2015,
  title     = {{E}nd-{T}o-{E}nd {M}emory {N}etworks},
  author    = {Sainbayar Sukhbaatar and Arthur Szlam and Jason Weston and Rob Fergus},
  booktitle = {Proceedings of NIPS},
  year      = {2015}
}

@InProceedings{Sutskever2011,
  title     = {{G}enerating {T}ext with {R}ecurrent {N}eural {N}etworks},
  author    = {Ilya Sutskever and James Martens and Geoffrey Hinton},
  booktitle = {Proceedings of ICML},
  year      = {2011}
}

@InProceedings{Tai2015,
  title     = {{I}mproved {S}emantic {R}epresentations from {T}ree-{S}tructured {L}ong {S}hort-{T}erm {M}emory {N}etworks},
  author    = {Kai Sheng Tai and Richard Socher and Christopher D. Manning},
  booktitle = {Proceedings of ACL},
  year      = {2015}
}

@InProceedings{Tamar2016,
  title     = {{V}alue {I}teration {N}etworks},
  author    = {Aviv Tamar and Yi Wu and Garrett Thomas and Sergey Levine and Pieter Abbeel},
  booktitle = {Proceedings of NIPS},
  year      = {2016}
}


@InProceedings{Sutskever2014,
  title     = {{S}equence to {S}equence {L}earning with {N}eural {N}etworks},
  author    = {Ilya Sutskever and Oriol Vinyals and Quoc Le},
  booktitle = {Proceedings of NIPS},
  year      = {2014}
}


@InProceedings{Vilar2007,
  title     = {{C}an {W}e {T}ranslate {L}etters?},
  author    = {David Vilar and Jan Peter and Hermann Ney},
  booktitle = {Proceedings of Second Workshop on Statistical Machine Translation},
  year      = {2007}
}


@InProceedings{Vinyals2015,
  title     = {{G}rammar as a {F}oreign {L}anguage},
  author    = {Oriol Vinyals and Lukasz Kaiser and Terry Koo and Slave Petrov and Ilya Sutskever and Geoffrey Hinton},
  booktitle = {Proceedings of NIPS},
  year      = {2015}
}

@InProceedings{Vinyals2015a,
  title     = {{P}ointer {N}etworks},
  author    = {Oriol Vinyals and Meire Fortunato and Navdeep Jaitly},
  booktitle = {Proceedings of NIPS},
  year      = {2015}
}

@InProceedings{Vinyals2015b,
  title     = {{S}how and {T}ell: {A} {N}eural {I}mage {C}aption {G}enerator},
  author    = {Oriol Vinyals and Alexander Toshev and Samy Bengio and Dumitru Erhan},
  booktitle = {Proceedings of CVPR},
  year      = {2015}
}

@InProceedings{Vinyals2015c,
  title     = {{A} {N}eural {C}onversational {M}odel},
  author    = {Oriol Vinyals and Quoc Le},
  booktitle = {Proceedings of ICML Deep Learning Workshop},
  year      = {2015}
}

@InProceedings{wang2016nips,
  title     = {{P}roximal {D}eep {S}tructured {M}odels},
  author    = {Shenlong Wang and Sanja Fidler and Raquel Urtasun},
  booktitle = {Proceedings of NIPS},
  year      = {2016}
}

@InProceedings{Wang2015,
  title     = {$gen${CNN}: {A} {C}onvolutional {A}rchitecture for {W}ord {S}equence {P}rediction},
  author    = {Mingxuan Wang and Zhengdong Lu and Hang Li and Wenbin Jiang and Qun Liu},
  booktitle = {Proceedings of ACL},
  year      = {2015}
}

@InProceedings{Wang2016,
  title     = {{L}earning {N}atural {L}anguage {I}nference with {LSTM}},
  author    = {Shuohang Wang and Jing Jiang},
  booktitle = {Proceedings of NAACL},
  year      = {2016}
}

@article{Weston2014,
  title     = {{M}emory {N}etworks},
  author    = {Jason Weston and Sumit Chopra and Antoine Bordes},
  journal = {arXiv:1410.3916},
  year      = {2014}
}
@article{Weston2015,
  title     = {{T}owards {A}I-complete {Q}uestion {A}nswering: {A} {S}et of {P}rerequisite {T}oy {T}asks},
  author    = {Weston, Jason and Bordes, Antoine and Chopra, Sumit and Rush, Alexander M and van Merri{\"e}nboer, Bart and Joulin, Armand and Mikolov, Tomas},
  journal   = {arXiv preprint arXiv:1502.05698},
  year      = {2015}
}

@InProceedings{Werbos1990,
  title     = {Back-propagation {T}hrough {T}ime: what it does and how to do it.},
  author    = {Paul Werbos},
  booktitle = {Proceedings of IEEE},
  year      = {1990}
}

@article{Wiseman2016,
  title     = {Sequence-to-Sequence Learning as Beam-Search Optimization},
  author    = {Sam Wiseman and Alexander M. Rush},
  journal = {arXiv:1606.02960},
  year      = {2016}
}

@InProceedings{Xu2015,
  title     = {{S}how, {A}ttend and {T}ell: {N}eural {I}mage {C}aption {G}eneration with {V}isual {A}ttention},
  author    = {Kelvin Xu and Jimma Ba and Ryan Kiros and Kyunghyun Cho and Aaron Courville and Ruslan Salakhutdinov
  and Richard Zemel and Yoshua Bengio},
  booktitle = {Proceedings of ICML},
  year      = {2015}
}


@article{Yang2015,
  title     = {{S}tacked {A}ttention {N}etworks for {I}mage {Q}uestion {A}nswering},
  author    = {Zichao Yang and Kiaodong He and Jianfeng Gao and Li Deng and Alex Smola},
  journal = {arXiv:1511.02274},
  year      = {2015}
}

@InProceedings{Yu2016,
  title     = {{O}nline {S}egment to {S}egment {N}eural {T}ransduction},
  author    = {Lei Yu and Jan Buys and Phil Blunsom},
  booktitle = {Proceedings of EMNLP},
  year      = {2016}
}

@InProceedings{Yu2017,
  title     = {{T}he {N}eural {N}oisy {C}hannel},
  author    = {Lei Yu and Phil Blunsom and Chris Dyer and Edward Grefenstette and Tomas Kocisky},
  booktitle = {Proceedings of ICLR},
  year      = {2017}
}

@article{Zaremba2014,
  title     = {{R}ecurrent {N}eural {N}etwork {R}egularization},
  author    = {Wojciech Zaremba and Ilya Sutskever and Oriol Vinyals},
  journal = {arXiv:1409.2329},
  year      = {2014}
}

@InProceedings{Zhang2015,
  title     = {{C}haracter-level {C}onvolutional {N}etworks for {T}ext {C}lassification},
  author    = {Xiang Zhang and Junbo Zhao and Yann LeCun},
  booktitle = {Proceedings of NIPS},
  year      = {2015}
}

@InProceedings{Zhao2016,
  title     = {{T}extual {E}ntailment with {S}tructured {A}ttentions and {C}omposition},
  author    = {Kai Zhao and Liang Huang and Minbo Ma},
  booktitle = {Proceedings of COLING},
  year      = {2016}
}

@InProceedings{Zhou2016,
  title     = {{D}eep {R}ecurrent {M}odels with {F}ast-{F}orward {C}onnections for {N}eural {M}achine {T}ranslation},
  author    = {Jie Zhou and Ying Cao and Xuguang Wang and Peng Li and Wei Xu},
  booktitle = {Proceedings of TACL},
  year      = {2016}
}


@article{Zhou2016b,
  title     = {{M}odelling {S}entence {P}airs with {T}ree-structured {A}ttentive {E}ncoder},
  author    = {Yao Zhou and Cong Liu and Yan Pan},
  journal = {arXiv:1610.02806},
  year      = {2016}
}


@InProceedings{Zhu2015,
  title     = {{L}ong {S}hort-{T}erm {M}emory {O}ver {T}ree {S}tructures},
  author    = {Xiaodan Zhu and Parinaz Sobhani and Hongyu Guo},
  booktitle = {Proceedings of ICML},
  year      = {2015}
}

@article{Zoph2016,
  title     = {{T}ransfer {L}earning for {L}ow-{R}esource {N}eural {M}achine {T}ranslation},
  author    = {Barret Zoph and Deniz Yuret and Jonathan May and Kevin Knight},
  journal = {arXiv:1604.02201},
  year      = {2016}
}

@InProceedings{wat2016,
  author = {Toshiaki Nakazawa and Manabu Yaguchi and Kiyotaka Uchimoto and Masao Utiyama and Eiichiro Sumita and Sadao Kurohashi and Hitoshi Isahara},
  title = {ASPEC: Asian Scientific Paper Excerpt Corpus},
  booktitle = {Proceedings of the Ninth International Conference on Language Resources and Evaluation (LREC 2016)},
  year = {2016},
  month = {may},
  date = {26-31},
  address = {Portorož, Slovenia},
  editor = {Nicoletta Calzolari (Conference Chair) and Khalid Choukri and Thierry Declerck and Marko Grobelnik and Bente Maegaard and Joseph Mariani and Asuncion Moreno and Jan Odijk and Stelios Piperidis},
  publisher = {European Language Resources Association (ELRA)},
  isbn = {978-2-9517408-9-1},
  language = {english},
  pages = {2204-2208}
}


@inproceedings{schulman2015gradient,
  title={Gradient estimation using stochastic computation graphs},
  author={Schulman, John and Heess, Nicolas and Weber, Theophane and Abbeel, Pieter},
  booktitle={Advances in Neural Information Processing Systems},
  pages={3528--3536},
  year={2015}
}

@article{kingma2014,
  author    = {Diederik P. Kingma and
               Danilo Jimenez Rezende and
               Shakir Mohamed and
               Max Welling},
  title     = {Semi-Supervised Learning with Deep Generative Models},
  journal   = {CoRR},
  volume    = {abs/1406.5298},
  year      = {2014},
  url       = {http://arxiv.org/abs/1406.5298},
  archivePrefix = {arXiv},
  eprint    = {1406.5298},
  timestamp = {Wed, 07 Jun 2017 14:42:55 +0200},
  biburl    = {https://dblp.org/rec/bib/journals/corr/KingmaRMW14},
  bibsource = {dblp computer science bibliography, https://dblp.org}
}





